<record><leader>00000cas a2200000 a 4500</leader><controlfield tag="001">32636727</controlfield><controlfield tag="007">hd bfu---baat</controlfield><controlfield tag="007">hd afu---bact</controlfield><controlfield tag="008">950613d18851895nbuwr nea     0    0eng d</controlfield><datafield ind1=" " ind2=" " tag="010"><subfield code="a">sn 95069706 </subfield></datafield><datafield ind1=" " ind2=" " tag="040"><subfield code="a">NVG</subfield><subfield code="b">eng</subfield><subfield code="c">NVG</subfield><subfield code="d">OCL</subfield><subfield code="d">OCLCQ</subfield><subfield code="d">OCLCF</subfield><subfield code="d">OCLCO</subfield></datafield><datafield ind1="1" ind2=" " tag="029"><subfield code="a">AU@</subfield><subfield code="b">000011782826</subfield></datafield><datafield ind1=" " ind2=" " tag="042"><subfield code="a">msc</subfield></datafield><datafield ind1=" " ind2=" " tag="043"><subfield code="a">n-us-nb</subfield></datafield><datafield ind1="0" ind2=" " tag="130"><subfield code="a">Lincoln weekly news (Lincoln, Neb.)</subfield></datafield><datafield ind1="1" ind2="0" tag="245"><subfield code="a">Lincoln weekly news</subfield><subfield code="h">[microform].</subfield></datafield><datafield ind1="1" ind2="3" tag="246"><subfield code="a">Lincoln news</subfield></datafield><datafield ind1=" " ind2=" " tag="260"><subfield code="a">Lincoln, Lancaster County, Neb. :</subfield><subfield code="b">Hyde, Hoge &amp; Hyde,</subfield><subfield code="c">-1895.</subfield></datafield><datafield ind1=" " ind2=" " tag="300"><subfield code="a">v.</subfield></datafield><datafield ind1=" " ind2=" " tag="310"><subfield code="a">Weekly</subfield></datafield><datafield ind1="1" ind2=" " tag="362"><subfield code="a">Began in 1885.</subfield></datafield><datafield ind1="0" ind2=" " tag="362"><subfield code="a">-v. 10, no. 39 (June 13, 1895).</subfield></datafield><datafield ind1=" " ind2=" " tag="580"><subfield code="a">Daily eds.: Daily evening news (Lincoln, Neb.), 1885, and: Lincoln daily news (Lincoln, Neb. : 1885), 1885-1888, and: Lincoln evening news, 1888-1892, and: Evening news (Lincoln, Neb.), 1892-1895.</subfield></datafield><datafield ind1=" " ind2=" " tag="588"><subfield code="a">Description based on: Vol. 1, no. 2 (Oct. 29, 1885).</subfield></datafield><datafield ind1=" " ind2=" " tag="533"><subfield code="a">Microfilm.</subfield><subfield code="m">1885-1895:[Gaps]</subfield><subfield code="b">[Lincoln, Neb.] :</subfield><subfield code="c">Nebraska State Historical Society,</subfield><subfield code="d">[1973?].</subfield><subfield code="e">3 microfilm reels ; 35 mm.</subfield></datafield><datafield ind1=" " ind2="0" tag="651"><subfield code="a">Lincoln (Neb.)</subfield><subfield code="v">Newspapers.</subfield></datafield><datafield ind1=" " ind2="7" tag="655"><subfield code="a">Newspapers.</subfield><subfield code="2">fast</subfield><subfield code="0">(OCoLC)fst01423814</subfield></datafield><datafield ind1=" " ind2="7" tag="651"><subfield code="a">Nebraska</subfield><subfield code="z">Lincoln.</subfield><subfield code="2">fast</subfield><subfield code="0">(OCoLC)fst01208321</subfield></datafield><datafield ind1=" " ind2=" " tag="752"><subfield code="a">United States</subfield><subfield code="b">Nebraska</subfield><subfield code="c">Lancaster</subfield><subfield code="d">Lincoln.</subfield></datafield><datafield ind1="1" ind2=" " tag="775"><subfield code="t">Daily evening news (Lincoln, Neb.)</subfield><subfield code="w">(DLC)sn 95069684</subfield></datafield><datafield ind1="1" ind2=" " tag="775"><subfield code="t">Lincoln daily news (Lincoln, Neb. : 1885)</subfield><subfield code="w">(DLC)sn 95069685</subfield></datafield><datafield ind1="1" ind2=" " tag="775"><subfield code="t">Lincoln evening news</subfield><subfield code="w">(DLC)sn 95069686</subfield></datafield><datafield ind1="1" ind2=" " tag="775"><subfield code="t">Evening news (Lincoln, Neb.)</subfield><subfield code="w">(DLC)sn 95069687</subfield></datafield><datafield ind1="0" ind2="0" tag="785"><subfield code="t">Weekly news (Lincoln, Neb.)</subfield><subfield code="w">(DLC)sn 95069707</subfield></datafield></record>